%
%  An example of a bibliographical database for bibTeX
%
%  Recommended software for maintenance of *.bib files:
%    JabRef, http://jabref.sourceforge.net/
%
%  BEWARE:
%
%    *  If a name contains a capital letter, which must be kept such,
%       use curly brackets ({T}hailand, {HIV}).
%
%  ===========================================================================

@article{Ullmann,
	author = {Ullmann, J. R.},
	title = {An Algorithm for Subgraph Isomorphism},
	journal = {J. ACM},
	issue_date = {Jan. 1976},
	volume = {23},
	number = {1},
	month = jan,
	year = {1976},
	issn = {0004-5411},
	pages = {31--42},
	numpages = {12},
	url = {http://doi.acm.org/10.1145/321921.321925},
	doi = {10.1145/321921.321925},
	acmid = {321925},
	publisher = {ACM},
	address = {New York, NY, USA},
} 

@ARTICLE{VF2, 
	author={L. P. Cordella and P. Foggia and C. Sansone and M. Vento}, 
	journal={IEEE Transactions on Pattern Analysis and Machine Intelligence}, 
	title={A (sub)graph isomorphism algorithm for matching large graphs}, 
	year={2004}, 
	volume={26}, 
	number={10}, 
	pages={1367-1372}, 
	keywords={computational complexity;graph theory;pattern matching;graph isomorphism algorithm;graphs matching;spatial complexity;subgraph isomorphism;technical drawings;Algorithm design and analysis;Application software;NP-complete problem;Pattern analysis;Pattern matching;Pattern recognition;Performance analysis;Performance evaluation;Relational databases;Testing;Index Terms- Graph-subgraph isomorphism;attributed relational graphs.;large graphs;Algorithms;Artificial Intelligence;Cluster Analysis;Computer Graphics;Image Enhancement;Image Interpretation, Computer-Assisted;Imaging, Three-Dimensional;Information Storage and Retrieval;Numerical Analysis, Computer-Assisted;Pattern Recognition, Automated;Reproducibility of Results;Sensitivity and Specificity;Signal Processing, Computer-Assisted;Subtraction Technique}, 
	doi={10.1109/TPAMI.2004.75}, 
	ISSN={0162-8828}, 
	month={Oct},
}

@Article{Ehrlich2012,
	author="Ehrlich, Hans-Christian
	and Rarey, Matthias",
	title="Systematic benchmark of substructure search in molecular graphs - From Ullmann to VF2",
	journal="Journal of Cheminformatics",
	year="2012",
	volume="4",
	number="1",
	pages="13",
	abstract="Searching for substructures in molecules belongs to the most elementary tasks in cheminformatics and is nowadays part of virtually every cheminformatics software. The underlying algorithms, used over several decades, are designed for the application to general graphs. Applied on molecular graphs, little effort has been spend on characterizing their performance. Therefore, it is not clear how current substructure search algorithms behave on such special graphs. One of the main reasons why such an evaluation was not performed in the past was the absence of appropriate data sets.",
	issn="1758-2946",
	doi="10.1186/1758-2946-4-13",
	url="http://dx.doi.org/10.1186/1758-2946-4-13"
}

@article{Lee,
	author = {Lee, Jinsoo and Han, Wook-Shin and Kasperovics, Romans and Lee, Jeong-Hoon},
	title = {An In-depth Comparison of Subgraph Isomorphism Algorithms in Graph Databases},
	journal = {Proc. VLDB Endow.},
	issue_date = {December 2012},
	volume = {6},
	number = {2},
	month = dec,
	year = {2012},
	issn = {2150-8097},
	pages = {133--144},
	numpages = {12},
	url = {http://dx.doi.org/10.14778/2535568.2448946},
	doi = {10.14778/2535568.2448946},
	acmid = {2448946},
	publisher = {VLDB Endowment},
} 

@article{QuickSI,
	author = {Shang, Haichuan and Zhang, Ying and Lin, Xuemin and Yu, Jeffrey Xu},
	title = {Taming Verification Hardness: An Efficient Algorithm for Testing Subgraph Isomorphism},
	journal = {Proc. VLDB Endow.},
	issue_date = {August 2008},
	volume = {1},
	number = {1},
	month = aug,
	year = {2008},
	issn = {2150-8097},
	pages = {364--375},
	numpages = {12},
	url = {http://dx.doi.org/10.14778/1453856.1453899},
	doi = {10.14778/1453856.1453899},
	acmid = {1453899},
	publisher = {VLDB Endowment},
} 

@inproceedings{GraphQL,
	author = {He, Huahai and Singh, Ambuj K.},
	title = {Graphs-at-a-time: Query Language and Access Methods for Graph Databases},
	booktitle = {Proceedings of the 2008 ACM SIGMOD International Conference on Management of Data},
	series = {SIGMOD '08},
	year = {2008},
	isbn = {978-1-60558-102-6},
	location = {Vancouver, Canada},
	pages = {405--418},
	numpages = {14},
	url = {http://doi.acm.org/10.1145/1376616.1376660},
	doi = {10.1145/1376616.1376660},
	acmid = {1376660},
	publisher = {ACM},
	address = {New York, NY, USA},
	keywords = {graph algebra, graph query language, query optimization},
} 

@inproceedings{GADDI,
	author = {Zhang, Shijie and Li, Shirong and Yang, Jiong},
	title = {GADDI: Distance Index Based Subgraph Matching in Biological Networks},
	booktitle = {Proceedings of the 12th International Conference on Extending Database Technology: Advances in Database Technology},
	series = {EDBT '09},
	year = {2009},
	isbn = {978-1-60558-422-5},
	location = {Saint Petersburg, Russia},
	pages = {192--203},
	numpages = {12},
	url = {http://doi.acm.org/10.1145/1516360.1516384},
	doi = {10.1145/1516360.1516384},
	acmid = {1516384},
	publisher = {ACM},
	address = {New York, NY, USA},
} 

@article{SPath,
	author = {Zhao, Peixiang and Han, Jiawei},
	title = {On Graph Query Optimization in Large Networks},
	journal = {Proc. VLDB Endow.},
	issue_date = {September 2010},
	volume = {3},
	number = {1-2},
	month = sep,
	year = {2010},
	issn = {2150-8097},
	pages = {340--351},
	numpages = {12},
	url = {http://dx.doi.org/10.14778/1920841.1920887},
	doi = {10.14778/1920841.1920887},
	acmid = {1920887},
	publisher = {VLDB Endowment},
} 

@INPROCEEDINGS{GraphGrep, 
	author={E. S. S. Dongoran and W. K. Rahmat Saleh and A. A. Gozali}, 
	booktitle={2015 3rd International Conference on Information and Communication Technology (ICoICT)}, 
	title={Analysis and implementation of graph indexing for graph database using GraphGrep algorithm}, 
	year={2015}, 
	pages={59-64}, 
	keywords={database management systems;graph theory;indexing;GraphGrep algorithm;Ullman algorithm;data management;data representation;graph database;graph indexing;graph query fingerpint;graph structure;hash table;molecular graph data type;subgraph matching;Filtering;Fingerprint recognition;Indexing;Matrix converters;Testing;GraphGrep;Ullman;backtrack;graph indexing;subgraph matching}, 
	doi={10.1109/ICoICT.2015.7231397}, 
	month={May},
}

@inproceedings{GrahGrep:intro,
	author = {Shasha, Dennis and Wang, Jason T. L. and Giugno, Rosalba},
	title = {Algorithmics and Applications of Tree and Graph Searching},
	booktitle = {Proceedings of the Twenty-first ACM SIGMOD-SIGACT-SIGART Symposium on Principles of Database Systems},
	series = {PODS '02},
	year = {2002},
	isbn = {1-58113-507-6},
	location = {Madison, Wisconsin},
	pages = {39--52},
	numpages = {14},
	url = {http://doi.acm.org/10.1145/543613.543620},
	doi = {10.1145/543613.543620},
	acmid = {543620},
	publisher = {ACM},
	address = {New York, NY, USA},
} 

@inproceedings{GIndex,
	author = {Yan, Xifeng and Yu, Philip S. and Han, Jiawei},
	title = {Graph Indexing: A Frequent Structure-based Approach},
	booktitle = {Proceedings of the 2004 ACM SIGMOD International Conference on Management of Data},
	series = {SIGMOD '04},
	year = {2004},
	isbn = {1-58113-859-8},
	location = {Paris, France},
	pages = {335--346},
	numpages = {12},
	url = {http://doi.acm.org/10.1145/1007568.1007607},
	doi = {10.1145/1007568.1007607},
	acmid = {1007607},
	publisher = {ACM},
	address = {New York, NY, USA},
} 

@INPROCEEDINGS{CTree, 
	author={Huahai He and A. K. Singh}, 
	booktitle={22nd International Conference on Data Engineering (ICDE'06)}, 
	title={Closure-Tree: An Index Structure for Graph Queries}, 
	year={2006}, 
	pages={38-38}, 
	keywords={Biochemistry;Biological system modeling;Chemical compounds;Chemical technology;Data models;Helium;Indexing;Multimedia databases;Proteins;Query processing}, 
	doi={10.1109/ICDE.2006.37}, 
	ISSN={1063-6382}, 
	month={April},
}

@INPROCEEDINGS{GDIndex, 
	author={D. W. Williams and J. Huan and W. Wang}, 
	booktitle={2007 IEEE 23rd International Conference on Data Engineering}, 
	title={Graph Database Indexing Using Structured Graph Decomposition}, 
	year={2007}, 
	pages={976-985}, 
	keywords={data structures;database indexing;directed graphs;query processing;table lookup;adjacency matrices;code-based canonical representation;database graphs;directed acyclic graph;fast isomorphic lookup;graph database indexing;hash tables;similarity queries;structured graph decomposition;subgraph isomorphism queries;Chemicals;Computer science;Data engineering;Databases;Drugs;Indexing;Pattern matching;Proteins;Testing;Tree graphs}, 
	doi={10.1109/ICDE.2007.368956}, 
	ISSN={1063-6382}, 
	month={April}
}

@INPROCEEDINGS{GString, 
	author={H. Jiang and H. Wang and P. S. Yu and S. Zhou}, 
	booktitle={2007 IEEE 23rd International Conference on Data Engineering}, 
	title={GString: A Novel Approach for Efficient Search in Graph Databases}, 
	year={2007}, 
	pages={566-575}, 
	keywords={graph theory;query processing;search problems;GString;graph database search;graph search problem;graph structures;information retrieval;subsequence matching;Chemical compounds;Explosions;Filtering;Information retrieval;Multimedia databases;Proteins;Search methods;Search problems;Spatial databases;XML}, 
	doi={10.1109/ICDE.2007.367902}, 
	ISSN={1063-6382}, 
	month={April}
}

@Inbook{GraphGrepSX,
	author="Bonnici, Vincenzo
	and Ferro, Alfredo
	and Giugno, Rosalba
	and Pulvirenti, Alfredo
	and Shasha, Dennis",
	editor="Dijkstra, Tjeerd M. H.
	and Tsivtsivadze, Evgeni
	and Marchiori, Elena
	and Heskes, Tom",
	title="Enhancing Graph Database Indexing by Suffix Tree Structure",
	bookTitle="Pattern Recognition in Bioinformatics: 5th IAPR International Conference, PRIB 2010, Nijmegen, The Netherlands, September 22-24, 2010. Proceedings",
	year="2010",
	publisher="Springer Berlin Heidelberg",
	address="Berlin, Heidelberg",
	pages="195--203",
	isbn="978-3-642-16001-1",
	doi="10.1007/978-3-642-16001-1_17",
	url="http://dx.doi.org/10.1007/978-3-642-16001-1_17"
}

@article{frequentGraphs, title={A survey of frequent subgraph mining algorithms}, volume={28}, DOI={10.1017/S0269888912000331}, number={1}, journal={The Knowledge Engineering Review}, publisher={Cambridge University Press}, author={Jiang, Chuntao and Coenen, Frans and Zito, Michele}, year={2013}, pages={75–105}}

@misc{ AIDS,
	author = "Zaharevitz (NIH/NCI), Daniel",
	title = "AIDS Antiviral Screen Data",
	year = "2015",
	howpublished = {\url{https://wiki.nci.nih.gov/display/NCIDTPdata/AIDS+Antiviral+Screen+Data}},
	note = "[Online; accessed 19-May-2017]"
}

@misc{ Neo4J,
	title = "Neo4j database",
	howpublished = {\url{https://neo4j.com/}},
	note = "[Online; accessed 19-May-2017]"
}

@misc{ Ambit,
	title = "AMBIT",
	howpublished = {\url{http://ambit.sourceforge.net/}},
	note = "[Online; accessed 19-May-2017]"
}

@misc{ JChem,
	author = "Vajda (ChemAxon), Krisztina",
	title = "JChem Cartridge for Oracle",
	year = "2015",
	howpublished = {\url{https://docs.chemaxon.com/display/docs/JChem+Cartridge+for+Oracle}},
	note = "[Online; accessed 19-May-2017]"
}

@misc{ Chemaxon,
	title = "ChemAxon",
	year = "2017",
	howpublished = {\url{https://www.chemaxon.com/}},
	note = "[Online; accessed 19-May-2017]"
}

@misc{ cartridge,
	author = "Oracle",
	title = "Oracle9i Data Cartridge Developer's Guide",
	howpublished = {\url{https://docs.oracle.com/cd/B10501_01/appdev.920/a96595/dci01wht.htm}},
	note = "[Online; accessed 19-May-2017]"
}

@misc{ benchmarkPresentation,
	author = "May (NextMove Software), John",
	title = "Substructure Search Face-off: Are the slowest queries the same between tools?",
	year = "2015",
	howpublished = {\url{https://nextmovesoftware.com/blog/2015/06/01/substructure-search-face-off-are-the-slowest-queries-the-same-between-tools/}},
	note = "[Online; accessed 19-May-2017]"
}

@misc{ JJ,
	title = "Johnson \& Johnson",
	howpublished = {\url{https://www.jnj.com/}},
	note = "[Online; accessed 19-May-2017]"
}

@misc{ CDK,
	title = "The Chemistry Development Kit",
	howpublished = {\url{https://github.com/cdk/}},
	note = "[Online; accessed 19-May-2017]"
}

@misc{ SMARTS,
	author = "Daylight Chemical Information Systems Inc.",
	title = "SMARTS - A Language for Describing Molecular Patterns",
	howpublished = {\url{http://www.daylight.com/dayhtml/doc/theory/theory.smarts.html}},
	note = "[Online; accessed 19-May-2017]"
}

@misc{ fingerprints,
	author = "Daylight Chemical Information Systems Inc.",
	title = "Fingerprints - Screening and Similarity",
	howpublished = {\url{http://www.daylight.com/dayhtml/doc/theory/theory.finger.html}},
	note = "[Online; accessed 19-May-2017]"
}

@misc{ java,
	author = "Oracle",
	title = "Java",
	howpublished = {\url{https://www.java.com/en/}},
	note = "[Online; accessed 18-April-2019]"
}

@misc{ pgx,
	author = "Oracle",
	title = "PGX",
	howpublished = {\url{https://www.oracle.com/technetwork/oracle-labs/parallel-graph-analytix/overview/index.html}},
	note = "[Online; accessed 25-April-2019]"
}

@misc{ pgql,
	author = "Oracle",
	title = "PGQL",
	howpublished = {\url{http://pgql-lang.org/}},
	note = "[Online; accessed 25-April-2019]"
}

@misc{ pgql,
	author = "Oracle",
	title = "PGQL",
	howpublished = {\url{http://pgql-lang.org/}},
	note = "[Online; accessed 25-April-2019]"
}

@misc{ pgx-neo4j,
	author = "Oracle",
	title = "An Introduction to Graph: Database, Analytics, and Cloud Services",
	howpublished = {\url{https://www.slideshare.net/JeanIhm/an-introduction-to-graph-database-analytics-and-cloud-services?fbclid=IwAR2liLiNYui4EbEJWPEmrPxji_u7jzRproo1u86G10qbabekgvLOruPPskw}},
	note = "[Online; accessed 25-April-2019]"
}

@misc{ wsl,
	author = "Microsoft",
	title = "Windows Subsystem for Linux Documentation",
	howpublished = {\url{https://docs.microsoft.com/en-us/windows/wsl/about}},
	note = "[Online; accessed 25-April-2019]"
}




@article{SQL,
	author = {Golovin, Adel and Henrick, Kim},
	title = {Chemical Substructure Search in SQL},
	journal = {Journal of Chemical Information and Modeling},
	volume = {49},
	number = {1},
	pages = {22-27},
	year = {2009},
	doi = {10.1021/ci8003013},
	note ={PMID: 19072559},
	
	URL = { 
	http://dx.doi.org/10.1021/ci8003013
	
	},
	eprint = { 
	http://dx.doi.org/10.1021/ci8003013
	
	}
	
}

@INPROCEEDINGS{Hoksza, 
	author={D. Hoksza and J. Jelínek}, 
	booktitle={2015 26th International Workshop on Database and Expert Systems Applications (DEXA)}, 
	title={Using Neo4j for Mining Protein Graphs: A Case Study}, 
	year={2015}, 
	pages={230-234}, 
	keywords={bioinformatics;data mining;graph theory;knowledge based systems;proteins;query processing;relational databases;Neo4j;PDB;PPI identification;amino acids;bioinformatics problem;exact subgraph matching;graph databases;graph-based queries;knowledge-based approach;protein data bank;protein graphs mining;protein structure;protein-protein interface;relational database;Amino acids;Databases;Hidden Markov models;Knowledge based systems;Labeling;Prediction algorithms;Proteins;Neo4j;graph databases;protein-protein interactions}, 
	doi={10.1109/DEXA.2015.59}, 
	ISSN={1529-4188}, 
	month={Sept},}







@article{ABCD,
	author = {Agrafiotis, Dimitris K. and Lobanov, Victor S. and Shemanarev, Maxim and Rassokhin, Dmitrii N. and Izrailev, Sergei and Jaeger, Edward P. and Alex, Simson and Farnum, Michael},
	title = {Efficient Substructure Searching of Large Chemical Libraries: The ABCD Chemical Cartridge},
	journal = {Journal of Chemical Information and Modeling},
	volume = {51},
	number = {12},
	pages = {3113-3130},
	year = {2011},
	doi = {10.1021/ci200413e},
	note ={PMID: 22035187},
	
	URL = { 
	http://dx.doi.org/10.1021/ci200413e
	
	},
	eprint = { 
	http://dx.doi.org/10.1021/ci200413e
	
	}
	
}

@inproceedings{GIRAS,
	author = {Azaouzi, Mehdi and Romdhane, Lotfi},
	year = {2017},
	month = {02},
	pages = {250-259},
	title = {A Minimal Rare Substructures-Based Model for Graph Database Indexing},
	volume = {557},
	isbn = {978-3-319-53479-4},
	journal = {Advances in Intelligent Systems and Computing},
	doi = {10.1007/978-3-319-53480-0_25}
}

@INPROCEEDINGS{gspan, 
	author={Yan, Xifeng and Han, Jiawei}, 
	booktitle={2002 IEEE International Conference on Data Mining, 2002. Proceedings.}, 
	title={gSpan: graph-based substructure pattern mining}, 
	year={2002}, 
	volume={}, 
	number={}, 
	pages={721-724}, 
	keywords={data mining;tree searching;gSpan;graph-based substructure pattern mining;frequent graph-based pattern mining;graph datasets;algorithm;frequent substructure discovery;lexicographic order;unique minimum DFS code;canonical label;depth-first search strategy;frequent connected subgraph mining;performance study;Tree graphs;Testing;Computer science;Graphics;Data mining;Data structures;Kernel;Chemical compounds;Itemsets;Costs}, 
	doi={10.1109/ICDM.2002.1184038}, 
	ISSN={}, 
	month={Dec},}

@inproceedings{RTrees,
	author = {Guttman, Antonin},
	title = {R-trees: A Dynamic Index Structure for Spatial Searching},
	booktitle = {Proceedings of the 1984 ACM SIGMOD International Conference on Management of Data},
	series = {SIGMOD '84},
	year = {1984},
	isbn = {0-89791-128-8},
	location = {Boston, Massachusetts},
	pages = {47--57},
	numpages = {11},
	url = {http://doi.acm.org/10.1145/602259.602266},
	doi = {10.1145/602259.602266},
	acmid = {602266},
	publisher = {ACM},
	address = {New York, NY, USA},
}

@MISC{Bauer,
	author = {Bauer, Ulrich},
	title = {MINIMUM CYCLE BASIS ALGORITHMS FOR THE CHEMISTRY DEVELOPMENT TOOLKIT},
	year = {}
}











